<record><leader>00000cas a22000007a 4500</leader><controlfield tag="001">14108790</controlfield><controlfield tag="008">860819c18939999txudx ne      0   a0eng c</controlfield><datafield ind1=" " ind2=" " tag="010"><subfield code="a">sn 86088544 </subfield></datafield><datafield ind1=" " ind2=" " tag="040"><subfield code="a">PPM</subfield><subfield code="b">eng</subfield><subfield code="c">PPM</subfield><subfield code="d">NSD</subfield><subfield code="d">OCLCQ</subfield></datafield><datafield ind1=" " ind2=" " tag="012"><subfield code="m">1</subfield></datafield><datafield ind1="1" ind2=" " tag="022"><subfield code="a">1055-4726</subfield><subfield code="l">1055-4726</subfield><subfield code="2">1</subfield></datafield><datafield ind1=" " ind2=" " tag="032"><subfield code="a">045360</subfield><subfield code="b">USPS</subfield></datafield><datafield ind1=" " ind2=" " tag="037"><subfield code="b">The Battalion, 230 Reed McDonald, Texas A&amp;M University, College Station, TX 77843</subfield></datafield><datafield ind1=" " ind2=" " tag="042"><subfield code="a">pcc</subfield><subfield code="a">nsdp</subfield></datafield><datafield ind1="0" ind2=" " tag="130"><subfield code="a">Battalion (College Station, Tex. : 1893)</subfield></datafield><datafield ind1=" " ind2="4" tag="222"><subfield code="a">The Battalion</subfield><subfield code="b">(College Station, Tex. 1893)</subfield></datafield><datafield ind1="0" ind2="4" tag="245"><subfield code="a">The battalion.</subfield></datafield><datafield ind1="1" ind2="0" tag="246"><subfield code="a">Texas A&amp;M battalion</subfield></datafield><datafield ind1=" " ind2=" " tag="260"><subfield code="a">College Station, Tex. :</subfield><subfield code="b">The Austin and Calliopean Literary Societies,</subfield><subfield code="c">1893-</subfield></datafield><datafield ind1=" " ind2=" " tag="300"><subfield code="a">v. :</subfield><subfield code="b">ill ;</subfield><subfield code="c">40 cm.</subfield></datafield><datafield ind1=" " ind2=" " tag="310"><subfield code="a">Daily (weekdays except holidays, exam periods; Tues.-Fri. in summer),</subfield><subfield code="b">&lt;Jan. 25, 1991-&gt;</subfield></datafield><datafield ind1=" " ind2=" " tag="321"><subfield code="a">Monthly,</subfield><subfield code="b">1893-19</subfield></datafield><datafield ind1="0" ind2=" " tag="362"><subfield code="a">Vol. 1, no. 1 (Oct. 1, 1893)-</subfield></datafield><datafield ind1=" " ind2=" " tag="500"><subfield code="a">At head of title, &lt;Jan. 25, 1991-&gt;: Texas A&amp;M.</subfield></datafield><datafield ind1=" " ind2=" " tag="752"><subfield code="a">United States</subfield><subfield code="b">Texas</subfield><subfield code="c">Brazos</subfield><subfield code="d">College Station.</subfield></datafield><datafield ind1="0" ind2="0" tag="780"><subfield code="t">College journal</subfield><subfield code="w">(DLC)sn 88083304</subfield><subfield code="w">(OCoLC)17497658</subfield></datafield><datafield ind1=" " ind2=" " tag="936"><subfield code="a">Vol. 90, no. 80 (Friday, Jan. 25, 1991) LIC</subfield></datafield></record>